:940:
:20:940S140102
:25:NL34RABO0142623393 EUR
:28C:0
:60F:C131231EUR000000004433,52
:61:140102C000000000400,00N541NONREF
NL66RABO0160878799
:86:/ORDP//NAME/R. SMITH/ADDR/Green market 74 3311BE Sheepcity Nederl
and NL/REMI/Test money paid by other partner:
/ISDT/2014-01-02
:62F:C140102EUR000000004833,52
:20:940S140103
:25:NL34RABO0142623393 EUR
:28C:0
:60F:C140102EUR000000004833,52
:62F:C140103EUR000000004833,52
:20:940S140106
:25:NL34RABO0142623393 EUR
:28C:0
:60F:C140103EUR000000004833,52
:61:140101D000000000034,61N093NONREF
:86:/BENM//NAME/Kosten/REMI/Periode 01-10-2013 t/m 31-12-2013/ISDT/20
14-01-01
:62F:C140106EUR000000004798,91
:20:940S140107
:25:NL34RABO0142623393 EUR
:28C:0
:60F:C140106EUR000000004798,91
:62F:C140107EUR000000004798,91
