:9401:
:20:940S140102
:25:NL34RABO0142623393 EUR
:28C:0
:60F:C131231EUR000000004433,52
:61:140102C000000000400,00N541NONREF
NL66RABO0160878799
:86:/ORDP//NAME/R. SMITH/ADDR/Green market 74 3311BE Sheepcity Nederl
and NL/REMI/Test money paid by other partner:
/ISDT/2014-01-02
:62F:C140102EUR000000004833,52
