1CClientBankExchange
ВерсияФормата=1.01
Кодировка=Wirdows
Отправитель=Бухгалтерский учет, редакция 4.5
Получатель=Клиент-Банк
ДатаСоздания=29.05.2007
ВремяСоздания=11:27:08
ДатаНачала=15.11.2007
ДатаКонца=15.11.2007
РасчСчет=40702810000000000041
СекцияРасчСчет
ДатаНачала=01.10.2015
ДатаКонца=08.10.2015
РасчСчет=40702810435100027397
НачальныйОстаток=51562.78
ВсегоПоступило=0
ВсегоСписано=25560
КонечныйОстаток=26002.78
КонецРасчСчет
Документ=Платежное поручение
СекцияДокумент=Платежное поручение
Номер=16
Дата=15.11.2007
Сумма=17000.00
ПлательщикСчет=40702810000000000041
ПлательщикИНН=7718123456
ПлательщикКПП=771801001
Плательщик=ИНН 7718123456\771801001 ООО "Лучший Клиент"
Плательщик1=ООО "Лучший Клиент"
ПлательщикРасчСчет=40702810000000000041
ПлательщикБанк1=КБ "РОСПРОМБАНК" (ООО)
ПлательщикБанк2=г.Москва
ПлательщикБИК=044585960
ПлательщикКорсчет=30101810400000000960
ПолучательСчет=40702810097240000049
ПолучательИНН=7736654321	
ПолучательКПП=773601001
Получатель=ИНН 7736654321\773601001 ЗАО "Надежный Партнер"
Получатель1=ЗАО "Надежный Партнер"
ПолучательРасчСчет=40702810097240000049
ПолучательБанк1=Московский филиал ОАО АКБ "РОСБАНК"
ПолучательБанк2=г.Москва 
ПолучательБИК=044552272
ПолучательКорсчет=30101810200000000272
ВидПлатежа=Электронно
ВидОплаты=01
Очередность=6 
НазначениеПлатежа=Оплата услуг на основании договора №1441-22/07 Cумма 17000-00, в т.ч. НДС(18%) - 2593-22.
НазначениеПлатежа1=Оплаиа услуг
НазначениеПлатежа2=на основании договора №1441-22/07 Cумма 17000-00,
НазначениеПлатежа3=в т.ч. НДС(18%) - 2593-22.
КонецДокумента
КонецДокумента
СекцияДокумент=Платежное поручение
Номер=632
Дата=10.04.2007
Сумма=97600.00
ПлательщикСчет=40702810000000000041
ПлательщикИНН=7718123456
ПлательщикКПП=771801001
Плательщик=ИНН 7718123456\771801001 ООО "Лучший Клиент"
Плательщик1=ООО "Лучший Клиент"
ПлательщикРасчСчет=40702810000000000041
ПлательщикБанк1=КБ "РОСПРОМБАНК" (ООО)
ПлательщикБанк2=г.Москва
ПлательщикБИК=044585960
ПлательщикКорсчет=30101810400000000960
ПолучательСчет=40702810300030002521
ПолучательИНН=5070014849
ПолучательКПП=507001001
Получатель=ИНН 5070014849\507001001 ООО "Добрые Соседи"
Получатель1=ООО "Добрые Соседи"
ПолучательРасчСчет=40702810300030002521
ПолучательБанк1=ОАО ВНЕШТОРГБАНК
ПолучательБанк2=Г.МОСКВА
ПолучательБИК=044525187
ПолучательКорсчет=30101810700000000187
ВидПлатежа=Электронно
ВидОплаты=01
СтатусСоставителя=0
ПоказательКБК=0
ОКАТО=0
ПоказательОснования=0
ПоказательПериода=0
ПоказательНомера=0
ПоказательДаты=0
ПоказательТипа=0
Очередность=6 
НазначениеПлатежа=Оплата по счету 220 от 02.04.07г. за товар. Cумма 97600-00, в т.ч. НДС(18%) - 14888-14.
НазначениеПлатежа1=Оплата по счету 220 от 02.04.07г. за товар. Cумма 
НазначениеПлатежа2=97600-00,в т.ч. НДС(18%) - 14888-14.
КонецДокумента
СекцияДокумент=Платежное поручение
Номер=12
Дата=27.10.2006
Сумма=66970.00
ПлательщикСчет=40702810000000000041
ПлательщикИНН=7718123456
ПлательщикКПП=771801001
Плательщик=ИНН 7718123456\771801001 ООО "Лучший Клиент"
Плательщик1=ООО "Лучший Клиент"
ПлательщикРасчСчет=40702810000000000041
ПлательщикБанк1=КБ "РОСПРОМБАНК" (ООО)
ПлательщикБанк2=г.Москва
ПлательщикБИК=044585960
ПлательщикКорсчет=30101810400000000960
ПолучательСчет=40101810600000010102
ПолучательИНН=5032004159
ПолучательКПП=503201001
Получатель=ИНН 5032004159\503201001 УФК по Московской области (ИФНС России по г.Одинцово)
Получатель1=УФК по Московской области (ИФНС России по г.Одинцово)
ПолучательРасчСчет=40101810600000010102
ПолучательБанк1=ОТДЕЛЕНИЕ 1 МОСКОВСКОГО ГТУ БАНКА РОССИИ
ПолучательБанк2=Г.МОСКВА 705
ПолучательБИК=044583001
ВидПлатежа=Электронно
ВидОплаты=01
Очередность=4
СтатусСоставителя=01
ПоказательКБК=18210606021031000110
ОКАТО=46241840000
ПоказательОснования=ТП
ПоказательПериода=КВ.03.2006
ПоказательНомера=0 
ПоказательДаты=0
ПоказательТипа=НС
НазначениеПлатежа=Платеж по налогу на землю за участок кад.№ 50:20:004 16 15:0174 за 9 мес 2006
НазначениеПлатежа1=Платеж по налогу на землю за участок 
НазначениеПлатежа2=кад.№ 50:20:004 16 15:0174 за 9 мес 2006
КонецДокумента
СекцияДокумент=Платежное поручение
Номер=13
Дата=27.10.2006
Сумма=132774.00
ПлательщикСчет=40702810000000000041
ПлательщикИНН=7718123456
ПлательщикКПП=771801001
Плательщик=ИНН 7718123456\771801001 ООО "Лучший Клиент"
Плательщик1=ООО "Лучший Клиент"
ПлательщикРасчСчет=40702810000000000041
ПлательщикБанк1=КБ "РОСПРОМБАНК" (ООО)
ПлательщикБанк2=г.Москва
ПлательщикБИК=044585960
ПлательщикКорсчет=30101810400000000960
ПолучательСчет=40101810600000010102
ПолучательИНН=5032004159
ПолучательКПП=503201001
Получатель=ИНН 5032004159\503201001 УФК по Московской области (ИФНС России по г.Одинцово)
Получатель1=УФК по Московской области (ИФНС России по г.Одинцово)
ПолучательРасчСчет=40101810600000010102
ПолучательБанк1=ОТДЕЛЕНИЕ 1 МОСКОВСКОГО ГТУ БАНКА РОССИИ
ПолучательБанк2=Г.МОСКВА 705
ПолучательБИК=044583001
ВидПлатежа=Электронно
ВидОплаты=01
Очередность=4
СтатусСоставителя=01
ПоказательКБК=18210606011031000110
ОКАТО=46241840000
ПоказательОснования=АП
ПоказательПериода=15.12.2006
ПоказательНомера=187/987 
ПоказательДаты=27.10.2006
ПоказательТипа=ПЕ
НазначениеПлатежа=Платеж пени по акту проверки за 1 квартал 2006 года. НДС не облагается.
НазначениеПлатежа1=Платеж пени по акту проверки за 1 квартал 2006 года.
НазначениеПлатежа2=НДС не облагается.
КонецДокумента
СекцияДокумент=Платежное поручение
Номер=13
Дата=27.10.2006
Сумма=132774.00
ПлательщикСчет=40702810000000000041
ПлательщикИНН=7718123456
ПлательщикКПП=771801001
Плательщик=ИНН 7718123456\771801001 ООО "Лучший Клиент"
Плательщик1=ООО "Лучший Клиент"
ПлательщикРасчСчет=40702810000000000041
ПлательщикБанк1=КБ "РОСПРОМБАНК" (ООО)
ПлательщикБанк2=г.Москва
ПлательщикБИК=044585960
ПлательщикКорсчет=30101810400000000960
ПолучательСчет=40101810600000010102
ПолучательИНН=5032004159
ПолучательКПП=503201001
Получатель=ИНН 5032004159\503201001 УФК по Московской области (ИФНС России по г.Одинцово)
Получатель1=УФК по Московской области (ИФНС России по г.Одинцово)
ПолучательРасчСчет=40101810600000010102
ПолучательБанк1=ОТДЕЛЕНИЕ 1 МОСКОВСКОГО ГТУ БАНКА РОССИИ
ПолучательБанк2=Г.МОСКВА 705
ПолучательБИК=044583001
ВидПлатежа=Электронно
ВидОплаты=01
Очередность=4
СтатусСоставителя=08
ПоказательКБК=18210606011031000110
ОКАТО=46241840000
ПоказательОснования=
ПоказательПериода=
ПоказательНомера=
ПоказательДаты=
ПоказательТипа=
НазначениеПлатежа=Оплата лицензии. Без НДС.
НазначениеПлатежа1=Оплата лицензии.
НазначениеПлатежа2=Без НДС.
КонецДокумента
КонецФайла
