0000 01INGBNL2AXXXX00001
0000 01INGBNL2AXXXX00001
940 00
:20:P140120000000001
:25:NL77INGB0574908765EUR
:28C:0000
0
:60F:C140119EUR662,23
:61:1401200220C1,56NTRFEREF//00000000001
005
/TRCD/00100/
:86:/EREF/EV12341REP1231456T1234//CNTP/NL32INGB0000012345/INGBNL2
A/ING BANK NV INZAKE WEB///REMI/USTD//EV10001REP1000000T1000/
:61:1401200220D1,57NTRFPREF//00000000001006
/TRCD/00200/
:86:/PREF/M000000003333333//REMI/USTD//TOTAAL 1 VZ/
:61:1401200220C1,57NRTIEREF//00000000001007
/TRCD/00190/
:86:/RTRN/MS03//EREF/20120123456789//CNTP/NL32INGB0000012345/INGB
NL2A/J.Janssen///REMI/USTD//Factuurnr 123456 Klantnr 00123/
:61:1401200220D1,14NDDTEREF//00000000001009
/TRCD/010
16
/
:86:/EREF/EV123R
EP123412T1234//MARF/MND
-
EV01//CSID/NL32ZZZ9999999
91234//CNTP/NL32INGB0000012345/INGBNL2A/ING Bank N.V. inzake WeB/
//REMI/USTD//EV123REP123412T1234/
:61:1401200220C1,45NDDTPREF//00000000001008
/TRCD/01000/
:86:/PREF/M000000001111111/
/CSID/
NL32ZZZ999999991234
/
/REMI/USTD//
TOTAAL 1 POSTEN/
:61:1401200220D12,75NRTIEREF//00000000001010
/TRCD/01315/
:86:/RTRN/MS03//EREF/20120501P0123478//MARF/MND
-
120123//CSID/NL32
ZZZ999999991234//CNTP/NL32INGB0000012345/INGBNL2A/J.Janssen///REM
I/USTD//CO
NTRIBUTIE FEB 2014/
:61:1401200220C32,00NTRF9001123412341234//00000000001011
/TRCD/00108/
:86:/EREF/15814016000676480//CNTP/NL32INGB0000012345/INGBNL2A/J.J
anssen///REMI/STRD/CUR/9001123412341234/
:61:1401200220D119,00NTRF1070123412341234//00000000001012
/
TRCD/00108/
:86:/EREF/15614016000384600//CNTP/NL32INGB0000012345/INGBNL2A/ING
BANK NV///REMI/STRD/CUR/1070123412341234/
:62F:C140120EUR564,35
:64:C140120EUR564,35
:65:C140121EUR564,35
:65:C140124EUR564,35
:86:/SUM/4/4/134,46/36,58/
-XXX
