:20:6450374100
:25:RO56BRDE360SV52474653600
:28:00138/1
:60F:C160517EUR3885,24
:61:1605170517D210,60NTRFOPH478
PLATA FACT 4603309
:86:000+20Plata           +30302410000+31RO89RZBR0000060003480121
+32RUSSMEDIA PRESS SRL+33/
+23PLATA FACT 4603309
:61:1605170517D2,76NCOMOPH478
25-Comision MULTIX
:86:000+20Comision
+2325-Comision MULTIX
:62F:C160517EUR3671,88
:64:C160517EUR3671,88
:86:Credit neutilizat la 17/05/2016: 0,00 \
Sume blocate la 17/05/2016: 0,00
