:20:940A160901
:25:NL30ABNA000000000000
:28C:245/1
:60F:C160901EUR0,00
:61:1608310831C29,93NMSC
:86:/TRTP/SEPA OVERBOEKING/IBAN/NL30ABNA000000000000/BIC/RABONL2U/NAME/V. Oornaam/REMI/Order 123/EREF/tr_XXXXXXXXX
:61:1608310831C42,93NMSC
:86:/TRTP/SEPA OVERBOEKING/IBAN/NL30ABNA000000000000/BIC/RABONL2U/NAME/V. Oornaam/REMI/Order 123/EREF/tr_XXXXXXXXX
:61:1608310831C274,75NMSC
:86:/TRTP/SEPA OVERBOEKING/IBAN/NL80RABO0000000000/BIC/RABONL2U/NAME/V. Oornaam/REMI/Order 123/EREF/tr_XXXXXXXXX
:61:1608310831C59,93NMSC
:86:/TRTP/SEPA OVERBOEKING/IBAN/NL80RABO0000000000/BIC/RABONL2U/NAME/V. Oornaam/REMI/Order 123/EREF/tr_XXXXXXXXX
:61:1608310831C56,93NMSC
:86:/TRTP/SEPA OVERBOEKING/IBAN/NL80RABO0000000000/BIC/ABNANL2A/NAME/V. Oornaam/REMI/Order 123/EREF/tr_XXXXXXXXX
:61:1608310831C40,94NMSC
:86:/TRTP/SEPA OVERBOEKING/IBAN/NL80RABO0000000000/BIC/ABNANL2A/NAME/V. Oornaam/REMI/Order 123/EREF/tr_XXXXXXXXX
:61:1608310831C20,94NMSC
:86:/TRTP/SEPA OVERBOEKING/IBAN/NL80RABO0000000000/BIC/INGBNL2A/NAME/V. Oornaam/REMI/Order 123/EREF/tr_XXXXXXXXX
:61:1608310831C19,94NMSC
:86:/TRTP/SEPA OVERBOEKING/IBAN/NL80RABO0000000000/BIC/INGBNL2A/NAME/V. Oornaam/REMI/Order 123/EREF/tr_XXXXXXXXX
:61:1608310831C36,94NMSC
:86:/TRTP/SEPA OVERBOEKING/IBAN/NL80RABO0000000000/BIC/INGBNL2A/NAME/V. Oornaam/REMI/Order 123/EREF/tr_XXXXXXXXX
:61:1608310831C68,94NMSC
:86:/TRTP/SEPA OVERBOEKING/IBAN/NL80RABO0000000000/BIC/RABONL2U/NAME/V. Oornaam/REMI/Order 123/EREF/tr_XXXXXXXXX
:61:1608310831C12,00NMSC
:86:/TRTP/SEPA OVERBOEKING/IBAN/NL80RABO0000000000/BIC/INGBNL2A/NAME/V. Oornaam/REMI/Order 123/EREF/tr_XXXXXXXXX
:61:1608310831C68,94NMSC
:86:/TRTP/SEPA OVERBOEKING/IBAN/NL80RABO0000000000/BIC/RABONL2U/NAME/V. Oornaam/REMI/Order 123/EREF/tr_XXXXXXXXX
:61:1608310831C68,94NMSC
:86:/TRTP/SEPA OVERBOEKING/IBAN/NL80RABO0000000000/BIC/RABONL2U/NAME/V. Oornaam/REMI/Order 123/EREF/tr_XXXXXXXXX
:61:1608310831C57,94NMSC
:86:/TRTP/SEPA OVERBOEKING/IBAN/NL80RABO0000000000/BIC/SNSBNL2A/NAME/V. Oornaam/REMI/Order 123/EREF/tr_XXXXXXXXX
:61:1608310831C33,94NMSC
:86:/TRTP/SEPA OVERBOEKING/IBAN/NL80RABO0000000000/BIC/INGBNL2A/NAME/V. Oornaam/REMI/Order 123/EREF/tr_XXXXXXXXX
:61:1608310831C32,94NMSC
:86:/TRTP/SEPA OVERBOEKING/IBAN/NL80RABO0000000000/BIC/ABNANL2A/NAME/V. Oornaam/REMI/Order 123/EREF/tr_XXXXXXXXX
:61:1608310831C68,94NMSC
:86:/TRTP/SEPA OVERBOEKING/IBAN/NL80RABO0000000000/BIC/RABONL2U/NAME/V. Oornaam/REMI/Order 123/EREF/tr_XXXXXXXXX
:61:1608310831C20,94NMSC
:86:/TRTP/SEPA OVERBOEKING/IBAN/NL80RABO0000000000/BIC/RABONL2U/NAME/V. Oornaam/REMI/Order 123/EREF/tr_XXXXXXXXX
:61:1608310831C39,89NMSC
:86:/TRTP/SEPA OVERBOEKING/IBAN/NL80RABO0000000000/BIC/ABNANL2A/NAME/V. Oornaam/REMI/Order 123/EREF/tr_XXXXXXXXX
:61:1608310831D2392,21NMSC
:86:/TRTP/SEPA OVERBOEKING/IBAN/NL80RABO0000000000/BIC/INGBNL2A/NAME/V. Oornaam/REMI/REF 0000000.1608.01 UITBETALINGEN/EREF/000000.1608.01
:61:1608310831D14,69NMSC
:86:/TRTP/SEPA OVERBOEKING/IBAN/NL80RABO0000000000/BIC/ABNANL2A/NAME/M
ollie B.V./REMI/Factuurnummer 2016.00000/EREF/NOTPROVIDED
:62F:D160901EUR1350,26
